@inproceedings{DBLP:conf/bmvc/KimHBID14,
  author    = {Hanme Kim and
               Ankur Handa and
               Ryad Benosman and
               Sio{-}Hoi Ieng and
               Andrew J. Davison},
  title     = {Simultaneous Mosaicing and Tracking with an Event Camera},
  booktitle = {British Machine Vision Conference, {BMVC} 2014, Nottingham, UK, September
               1-5, 2014},
  year      = {2014},
  crossref  = {DBLP:conf/bmvc/2014},
  url       = {http://www.bmva.org/bmvc/2014/papers/paper066/index.html},
  timestamp = {Sat, 24 Jan 2015 13:20:55 +0100},
  biburl    = {http://dblp.uni-trier.de/rec/bib/conf/bmvc/KimHBID14},
  bibsource = {dblp computer science bibliography, http://dblp.org}
}